<?xml version="1.0" encoding="UTF-8"?>
<collection xmlns:xsi="http://www.w3.org/2001/XMLSchema-instance" xsi:schemaLocation="http://www.loc.gov/MARC21/slim http://www.loc.gov/standards/marcxml/schema/MARC21slim.xsd" xmlns="http://www.loc.gov/MARC21/slim">
<record>
  <leader>01101mam a2200253 a 4500</leader>
  <controlfield tag="001">1524877</controlfield>
  <controlfield tag="003">NNC</controlfield>
  <controlfield tag="005">20130520191727.0</controlfield>
  <controlfield tag="008">900619m19369999mr h     b    000 0 arard</controlfield>
  <datafield tag="035" ind1=" " ind2=" ">
    <subfield code="a">(OCoLC)36572802</subfield>
  </datafield>
  <datafield tag="035" ind1=" " ind2=" ">
    <subfield code="a">(OCoLC)ocm36572802</subfield>
  </datafield>
  <datafield tag="035" ind1=" " ind2=" ">
    <subfield code="9">AJX3766CU</subfield>
  </datafield>
  <datafield tag="035" ind1=" " ind2=" ">
    <subfield code="a">(NNC)1524877</subfield>
  </datafield>
  <datafield tag="035" ind1=" " ind2=" ">
    <subfield code="a">1524877</subfield>
  </datafield>
  <datafield tag="040" ind1=" " ind2=" ">
    <subfield code="a">MH</subfield>
    <subfield code="c">MH</subfield>
    <subfield code="d">CStRLIN</subfield>
  </datafield>
  <datafield tag="100" ind1="1" ind2=" ">
    <subfield code="a">Ibn ʻArḍūn, Aḥmad ibn al-Ḥasan,</subfield>
    <subfield code="d">-1584 or 1585.</subfield>
  </datafield>
  <datafield tag="240" ind1="1" ind2="0">
    <subfield code="a">Lāʼiq li-muʻallim al-wathāiq</subfield>
  </datafield>
  <datafield tag="245" ind1="1" ind2="3">
    <subfield code="a">al-Kitāb al-Lāʾiq li-muʻallim al-wathāʾiq, aw, al-Taqyīd al-lāʾiq fī taʻallum al-wathāʾiq /</subfield>
    <subfield code="c">taʾlīf Abī al-ʻAbbās Sayyidī Aḥmad ibn Sayyidī al-Ḥasan al-Zajlī al-Shafshāwunī al-shahīr bi-Ibn ʻArḍūn ; [taṣḥīḥ al-Ḥasan ibn ʻAbd al-Wahhāb]</subfield>
  </datafield>
  <datafield tag="246" ind1="3" ind2=" ">
    <subfield code="a">Taqyīd al-lāʾiq fī taʻallum al-wathāʾiq</subfield>
  </datafield>
  <datafield tag="260" ind1=" " ind2=" ">
    <subfield code="a">Tiṭwān :</subfield>
    <subfield code="b">Yuṭlabu min al-Maktabah al-Ahlīyah,</subfield>
    <subfield code="c">1936.</subfield>
  </datafield>
  <datafield tag="300" ind1=" " ind2=" ">
    <subfield code="a">2 v. ;</subfield>
    <subfield code="c">23 cm.</subfield>
  </datafield>
  <datafield tag="650" ind1=" " ind2="0">
    <subfield code="a">Contracts (Islamic law)</subfield>
    <subfield code="v">Early works to 1800.</subfield>
  </datafield>
  <datafield tag="650" ind1=" " ind2="0">
    <subfield code="a">Malikites</subfield>
    <subfield code="v">Early works to 1800.</subfield>
  </datafield>
  <datafield tag="700" ind1="1" ind2=" ">
    <subfield code="a">Bin ʻAbd al-Wahhāb, al-Ḥasan.</subfield>
  </datafield>
  <datafield tag="955" ind1=" " ind2=" ">
    <subfield code="b">CU17882702</subfield>
    <subfield code="d">off,glx</subfield>
    <subfield code="e">KBL .I2213 1936g</subfield>
    <subfield code="v">v.1</subfield>
  </datafield>
</record>
</collection>